<record><leader>00000cas a2200000 a 4500</leader><controlfield tag="001">2258205</controlfield><controlfield tag="008">760620d18621873pauwr ne      0    0eng c</controlfield><datafield ind1=" " ind2=" " tag="010"><subfield code="a">sn 83031982 </subfield></datafield><datafield ind1=" " ind2=" " tag="040"><subfield code="a">PIT</subfield><subfield code="b">eng</subfield><subfield code="c">PIT</subfield><subfield code="d">NPU</subfield><subfield code="d">NPV</subfield><subfield code="d">NPX</subfield><subfield code="d">NPH</subfield><subfield code="d">CUI</subfield><subfield code="d">OCLCQ</subfield><subfield code="d">OCLCF</subfield></datafield><datafield ind1="1" ind2=" " tag="029"><subfield code="a">AU@</subfield><subfield code="b">000025833737</subfield></datafield><datafield ind1=" " ind2=" " tag="042"><subfield code="a">pcc</subfield></datafield><datafield ind1=" " ind2=" " tag="043"><subfield code="a">n-us-pa</subfield></datafield><datafield ind1=" " ind2="4" tag="050"><subfield code="a">AN</subfield></datafield><datafield ind1="0" ind2=" " tag="130"><subfield code="a">Beaver argus (Beaver, Pa. : 1862)</subfield></datafield><datafield ind1="1" ind2="4" tag="245"><subfield code="a">The Beaver Argus.</subfield></datafield><datafield ind1=" " ind2=" " tag="260"><subfield code="a">Beaver, Pa. :</subfield><subfield code="b">T.C. Nicholson &amp; Co.,</subfield><subfield code="c">1862-1873.</subfield></datafield><datafield ind1=" " ind2=" " tag="300"><subfield code="a">17 v. ;</subfield><subfield code="c">60 cm.</subfield></datafield><datafield ind1=" " ind2=" " tag="310"><subfield code="a">Weekly</subfield></datafield><datafield ind1="0" ind2=" " tag="362"><subfield code="a">Vol. 38, no. 18 (Apr. 30, 1862)-v. 55, no. 36 (Sept. 10, 1873).</subfield></datafield><datafield ind1=" " ind2=" " tag="500"><subfield code="a">Publisher: O.L. Imbrie, &lt;Dec. 16, 1863&gt;; J.S. Rutan &amp; Co., &lt;Apr. 19, 1865-Jan. 31, 1866&gt;.</subfield></datafield><datafield ind1=" " ind2="0" tag="651"><subfield code="a">Beaver (Pa.)</subfield><subfield code="v">Newspapers.</subfield></datafield><datafield ind1=" " ind2="0" tag="651"><subfield code="a">Beaver County (Pa.)</subfield><subfield code="v">Newspapers.</subfield></datafield><datafield ind1=" " ind2="7" tag="655"><subfield code="a">Newspapers.</subfield><subfield code="2">fast</subfield><subfield code="0">(OCoLC)fst01423814</subfield></datafield><datafield ind1=" " ind2="7" tag="651"><subfield code="a">Pennsylvania</subfield><subfield code="z">Beaver.</subfield><subfield code="2">fast</subfield><subfield code="0">(OCoLC)fst01227421</subfield></datafield><datafield ind1=" " ind2="7" tag="651"><subfield code="a">Pennsylvania</subfield><subfield code="z">Beaver County.</subfield><subfield code="2">fast</subfield><subfield code="0">(OCoLC)fst01205522</subfield></datafield><datafield ind1=" " ind2=" " tag="752"><subfield code="a">United States</subfield><subfield code="b">Pennsylvania</subfield><subfield code="c">Beaver</subfield><subfield code="d">Beaver.</subfield></datafield><datafield ind1="0" ind2="0" tag="780"><subfield code="t">Beaver weekly argus</subfield><subfield code="w">(DLC)sn 85054889</subfield><subfield code="w">(OCoLC)11887180</subfield></datafield><datafield ind1="0" ind2="7" tag="785"><subfield code="t">Beaver radical</subfield><subfield code="w">(DLC)sn 83031984</subfield><subfield code="w">(OCoLC)10095420</subfield></datafield><datafield ind1="0" ind2="7" tag="785"><subfield code="t">Argus and radical</subfield><subfield code="w">(DLC)sn 85025160</subfield><subfield code="w">(OCoLC)11626741</subfield></datafield></record>